@article{IT,
  author    = {Laurent Itti and Christof Koch and Ernst Niebur},
  title     = {A model of saliency-based visual attention for rapid scence analysis},
  journal   = {IEEE Transactions on Pattern Analysis and Machine Intelligence},
  year      = {1998},
  volume    = {20},
  number    = {11},
  pages     = {1254-1259},
}

@inproceedings{SR,
  author = {Hou, Xiaodi and Zhang, Liqing},
  year = {2007},
  month = {06},
  pages = {},
  title = {Saliency Detection: A Spectral Residual Approach},
  volume = {2007},
  booktitle = {IEEE Conference in Computer Vision and Pattern Recognition},
  doi = {10.1109/CVPR.2007.383267}
}

@article{LRMR,
  author    = {Bruno A. Olshausen and David J. Field},
  title     = {Emergence of simple-cell receptive field properties by learning a sparse code for natural images},
  journal   = {Nature},
  year      = {1996},
  volume    = {381},
  number    = {6583},
  pages     = {607-609},
}

@inproceedings{BASNet,
  author = {Qin, Xuebin and Zhang, Zichen and Huang, Chenyang and Gao, Chao and Dehghan, Masood and Jagersand, Martin},
  year = {2019},
  month = {06},
  pages = {7471-7481},
  title = {BASNet: Boundary-Aware Salient Object Detection},
  booktitle = {The IEEE Conference on Computer Vision and Pattern Recognition},
  doi = {10.1109/CVPR.2019.00766}
}

@inproceedings{AFNet,
  author = {Feng, Mengyang and Lu, Huchuan and Ding, Errui},
  year = {2019},
  month = {06},
  pages = {1623-1632},
  title = {Attentive Feedback Network for Boundary-Aware Salient Object Detection},
  booktitle = {The IEEE Conference on Computer Vision and Pattern Recognition},
  doi = {10.1109/CVPR.2019.00172}
}

@inproceedings{PoolNet,
  author = {Liu, Jiang-Jiang and Hou, Qibin and Cheng, Ming-Ming and Feng, Jiashi and Jiang, Jianmin},
  year = {2019},
  month = {06},
  pages = {3912-3921},
  title = {A Simple Pooling-Based Design for Real-Time Salient Object Detection},
  booktitle = {The IEEE Conference on Computer Vision and Pattern Recognition},
  doi = {10.1109/CVPR.2019.00404}
}

@inproceedings{U-Net,
  author = {Ronneberger, Olaf and Fischer, Philipp and Brox, Thomas},
  year = {2015},
  month = {10},
  pages = {234-241},
  title = {U-Net: Convolutional Networks for Biomedical Image Segmentation},
  booktitle = {International Conference on Medical Image Computing and Computer-Assisted Intervention},
  volume = {9351},
  doi = {10.1007/978-3-319-24574-4_28}
}

@inproceedings{Zhao,
  author = {Zhao, Hengshuang and Shi, Jianping and Qi, Xiaojuan and Wang, Xiaogang and Jia, Jiaya},
  year = {2017},
  month = {07},
  pages = {6230-6239},
  title = {Pyramid Scene Parsing Network},
  booktitle = {IEEE Conference on Computer Vision and Pattern Recognition},
  doi = {10.1109/CVPR.2017.660}
}

@inproceedings{deeplab,
  author = {Chen, Liang-Chieh and Papandreou, George and Kokkinos, Iasonas and Murphy, Kevin and Yuille, Alan},
  year = {2015},
  month = {12},
  pages = {},
  title = {Semantic Image Segmentation with Deep Convolutional Nets and Fully Connected CRFs},
  booktitle = {International Conference on Learning Representations}
}

@article{Zhou,
  author = {Zhou, Bolei and Khosla, Aditya and Lapedriza, Agata and Oliva, Aude and Torralba, Antonio},
  year = {2014},
  month = {12},
  pages = {},
  title = {Object detectors emerge in Deep Scene CNNs},
  journal = {CoRR. arXiv}
}

@inproceedings{resnet,
  author = {He, Kaiming and Zhang, Xiangyu and Ren, Shaoqing and Sun, Jian},
  year = {2016},
  month = {06},
  pages = {770-778},
  title = {Deep Residual Learning for Image Recognition},
  booktitle = {IEEE Conference on Computer Vision and Pattern Recognition}
}